@misc{bp_2022, 
    title={bp Statistical Review of World Energy 2022 | 71st edition}, 
    url={www.bp.com/content/dam/bp/business-sites/en/global/corporate/pdfs/energy-economics/statistical-review/bp-stats-review-2022-full-report.pdf}, 
    journal={BP}, publisher={BP p.l.c.}, 
    author={BP}, 
    editor={Dale, SpencerEditor}, 
    year={2022}
} 

@misc{ember_2023, 
    title={EU: Monthly Electricity Prices by country 2023}, url={www.statista.com/statistics/1267500/eu-monthly-wholesale-electricity-price-country/}, 
    journal={Statista}, 
    publisher={Statista}, 
    author={Ember}, 
    year={2023}, 
    month={Feb}
}

@misc{the_council_of_the_european_union_2014, 
    title={Council Regulation (EU) No 833/2014 of 31 July 2014 concerning restrictive measures in view of Russia's actions destabilising the situation in Ukraine}, url={https://eur-lex.europa.eu/legal-content/EN/TXT/?qid=1575552869916&amp;uri=CELEX\%3A02014R0833-20190709}, journal={EUR-Lex},
    publisher={Publications Office of the European Union}, author={The Council of the European Union}, 
    year={2014}, 
    month={Jul}
} 

@article{russell_2016, 
    title={Sanctions over Ukraine: Impact on Russia}, journal={EPRS: European Parliamentary Research Service}, author={Russell, Martin}, 
    year={2016}, 
    month={Mar}
} 
    

@article{strategic_comments_2015, 
    title={Negative Outlook for Russian Economy as Sanctions Bite}, 
    volume={21}, 
    DOI={10.1080/13567888.2015.1029240}, 
    number={1}, 
    journal={Strategic Comments}, 
    publisher={Routledge},
    author={StrategicComments}, 
    year={2015}, 
    pages={x-xi}
} 

@article{szczepański_2015, 
    title={Economic impact on the EU of sanctions over Ukraine conflict}, 
    journal={EPRS | European Parliamentary Research Service}, 
    author={Szczepański, Marcin}, 
    year={2015}, 
    month={Oct}
} 

@book{goldthau_2009, 
    title={Russian Oil and Gas Pipelines to Europe}, url={https://www.researchgate.net/figure/Russian-Oil-and-Gas-Pipelines-to-Europe_fig3_242537752}, 
    journal={ResearchGate}, 
    publisher={RAND Corporation}, 
    author={Goldthau, Andreas}, 
    year={2009}, 
    month={Jan}
} 

@misc{world_bank, 
    title={Russia GDP growth rate 1990-2023}, url={https://www.macrotrends.net/countries/RUS/russia/gdp-growth-rate}, 
    journal={MacroTrends}, 
    author={World Bank}
} 

@misc{meredith_2023, 
    title={New Western measures aim to turn up the heat on Putin's oil revenues. Analysts are underwhelmed}, url={https://www.cnbc.com/2023/02/07/oil-eu-and-g-7-impose-price-caps-on-russian-petroleum-products.html}, journal={CNBC}, 
    publisher={CNBC}, 
    author={Meredith, Sam}, 
    year={2023}, 
    month={Feb}
} 

@misc{eurostat_2022, 
    title={EU imports of energy products - recent developments}, 
    url={https://ec.europa.eu/eurostat/statistics-explained/index.php?title=EU_imports_of_energy_products_-_recent_developments#Main_suppliers_of_natural_gas_and_petroleum_oils_to_the_EU}, 
    journal={Eurostat Statistics Explained}, 
    author={Eurostat}, 
    year={2022}, 
    month={Dec}
} 

@misc{eia_2022, 
    title={Europe is a key destination for Russia's energy exports}, 
    url={https://www.eia.gov/todayinenergy/detail.php?id=51618}, 
    journal={U.S. Energy Information Administration (EIA)}, author={EIA}, 
    year={2022}, 
    month={Mar}
} 

@misc{statista_2022_oil, 
    title={Oil production in Russia Quarterly 2021}, url={https://www.statista.com/statistics/1117128/oil-production-in-russia/}, 
    journal={Statista}, 
    author={Statista}, 
    year={2022}, 
    month={Oct}
} 

@misc{statista_2022_gas, 
    title={Natural gas production in Russia from 2000 to 2021}, 
    url={https://www.statista.com/statistics/265335/natural-gas-production-in-russia-since-1998/}, 
    journal={Statista}, 
    author={Statista}, 
    year={2022}, 
    month={Jun}
} 

@misc{eia_2023, 
    title={Russia}, 
    url={https://www.eia.gov/international/analysis/country/RUS}, 
    journal={U.S. Energy Information Administration (EIA)}, author={EIA}, 
    year={2023}, 
    month={Jan}
} 

@misc{iea, 
    title={Russia's War on Ukraine}, 
    url={https://www.iea.org/topics/russias-war-on-ukraine}, journal={IEA}, 
    author={IEA}
} 

@misc{heussaff_guetta-jeanrenaud_mcwilliams_zachmann_2023,
    title={Russian Crude Oil Tracker},
    url={https://www.bruegel.org/dataset/russian-crude-oil tracker}, 
    journal={Bruegel}, 
    author={Heussaff, Conall and Guetta-Jeanrenaud, Lionel and McWilliams, Ben and Zachmann, Georg}, 
    year={2023}, month={Feb}
} 

@misc{reuters_2022, 
    title={Factbox: How much oil does the European Union import from Russia?}, 
    url={https://www.reuters.com/world/europe/how-much-oil-does-european-union-import-russia-2022-04-06/}, 
    journal={Reuters}, 
    author={Reuters}, 
    year={2022}, 
    month={May}
} 

@misc{rm_staff_2022,
    title={By the Numbers: Where Do Russia’s Energy Exports Go?}, url={https://www.russiamatters.org/blog/numbers-where-do-russias-energy-exports-go}, 
    journal={Russia Matters}, 
    author={RM Staff}, 
    year={2022}, 
    month={Mar}
} 

@misc{dete_2022, 
    title={EU trade sanctions in response to situation in Ukraine}, url={https://enterprise.gov.ie/en/publications/eu-trade-sanctions-in-response-to-situation-in-ukraine-.html#23Feb}, journal={Department of Enterprise Trade and Employment}, 
    author={DETE}, 
    year={2022}, 
    month={Dec}
} 

@misc{al_jazeera_2022, 
    title={Infographic: How much oil does Russia produce?}, url={https://www.aljazeera.com/news/2022/12/5/infographic-how-much-oil-does-russia-produce}, 
    journal={Al Jazeera}, 
    publisher={Al Jazeera}, 
    author={Al Jazeera}, 
    year={2022}, 
    month={Dec}
} 

@misc{trading_economics, 
    title={Russia Crude Oil Production}, url={https://tradingeconomics.com/russia/crude-oil-production}, journal={Trading Economics}, 
    author={Trading Economics}
} 

@misc{ief_2022, 
    title={Global oil demand recovery outpaces production in June, Jodi Data shows}, 
    url={https://www.ief.org/news/global-oil-demand-recovery-outpaces-production-in-june-jodi-data-shows}, 
    journal={International Energy Forum}, 
    author={IEF}, 
    year={2022}, 
    month={Aug}
} 

@misc{conca_2014, 
    title={Nukes best option against Russian Gas}, url={https://www.forbes.com/sites/jamesconca/2014/04/14/nukes-best-option-against-russian-gas/?sh=17e4891d6ea6}, 
    journal={Forbes}, 
    publisher={Forbes Magazine}, 
    author={Conca, James}, 
    year={2014}, 
    month={Apr}
} 

@misc{iea_2022_journal, 
    title={Gas Market Report, Q3-2022}, url={https://iea.blob.core.windows.net/assets/c7e74868-30fd-440c-a616-488215894356/GasMarketReport\%2CQ3-2022.pdf}, 
    journal={International Energy Agency}, 
    author={IEA}, 
    year={2022}, 
    month={Oct}
} 